<?xml version="1.0" encoding="UTF-8"?>
<!DOCTYPE html PUBLIC "-//W3C//DTD XHTML 1.0 Transitional//EN"
    "http://www.w3.org/TR/xhtml1/DTD/xhtml1-transitional.dtd">
<html xmlns="http://www.w3.org/1999/xhtml" xml:lang="en" lang="en">
 <head>
  <title>
</title>
<meta http-equiv="Content-Type" content="text/html;charset=utf-8" />
  <meta name='ocr-system' content='tesseract 3.04.00' />
  <meta name='ocr-capabilities' content='ocr_page ocr_carea ocr_par ocr_line ocrx_word'/>
</head>
<body>
  <div class='ocr_page' id='page_1' title='image "./4630408/4630408_0024.png"; bbox 0 0 2776 3678; ppageno 0'>
   <div class='ocr_carea' id='block_1_1' title="bbox 352 254 1892 321">
    <p class='ocr_par' dir='ltr' id='par_1_1' title="bbox 352 254 1892 321">
     <span class='ocr_line' id='line_1_1' title="bbox 352 254 1892 321; baseline 0.001 -6"><span class='ocrx_word' id='word_1_1' title='bbox 352 277 504 317; x_wconf 84' lang='lat' dir='ltr'><strong>xvm</strong></span> <span class='ocrx_word' id='word_1_2' title='bbox 1167 254 1892 321; x_wconf 68' lang='lat' dir='ltr'><strong>PROLEGOME‘NA:</strong></span> 
     </span>
    </p>
   </div>
   <div class='ocr_carea' id='block_1_2' title="bbox 341 391 2712 1147">
    <p class='ocr_par' dir='ltr' id='par_1_2' title="bbox 341 391 2712 1147">
     <span class='ocr_line' id='line_1_2' title="bbox 352 391 2708 464; baseline 0.003 -20"><span class='ocrx_word' id='word_1_3' title='bbox 352 412 451 464; x_wconf 85' lang='lat' dir='ltr'><strong>ope</strong></span> <span class='ocrx_word' id='word_1_4' title='bbox 484 394 723 456; x_wconf 76' lang='lat' dir='ltr'><strong>adiutum,</strong></span> <span class='ocrx_word' id='word_1_5' title='bbox 755 409 839 444; x_wconf 87' lang='lat' dir='ltr'><strong>me</strong></span> <span class='ocrx_word' id='word_1_6' title='bbox 869 409 1201 464; x_wconf 84' lang='lat' dir='ltr'><strong>quaecunque</strong></span> <span class='ocrx_word' id='word_1_7' title='bbox 1231 391 1528 461; x_wconf 84' lang='lat' dir='ltr'><strong>perfecerim</strong></span> <span class='ocrx_word' id='word_1_8' title='bbox 1550 392 1817 459; x_wconf 82' lang='lat' dir='ltr'><strong>perfecisse</strong></span> <span class='ocrx_word' id='word_1_9' title='bbox 1837 394 2053 448; x_wconf 81' lang='lat' dir='ltr'><strong>libenter</strong></span> <span class='ocrx_word' id='word_1_10' title='bbox 2083 397 2338 450; x_wconf 86' lang='lat' dir='ltr'><strong>confiteor.</strong></span> <span class='ocrx_word' id='word_1_11' title='bbox 2375 448 2377 451; x_wconf 88' lang='grc'><strong>,</strong></span> <span class='ocrx_word' id='word_1_12' title='bbox 2400 398 2479 457; x_wconf 81' lang='lat' dir='ltr'><strong>Ex</strong></span> <span class='ocrx_word' id='word_1_13' title='bbox 2509 402 2589 451; x_wconf 86' lang='lat' dir='ltr'><strong>his</strong></span> <span class='ocrx_word' id='word_1_14' title='bbox 2617 414 2708 455; x_wconf 80' lang='lat' dir='ltr'><strong>no·-</strong></span> 
     </span>
     <span class='ocr_line' id='line_1_3' title="bbox 350 458 2709 526; baseline -0.001 -16"><span class='ocrx_word' id='word_1_15' title='bbox 350 463 596 510; x_wconf 84' lang='lat' dir='ltr'><strong>minarem</strong></span> <span class='ocrx_word' id='word_1_16' title='bbox 627 459 912 519; x_wconf 85' lang='lat' dir='ltr'><strong>Sauinium,</strong></span> <span class='ocrx_word' id='word_1_17' title='bbox 952 461 1043 526; x_wconf 73' lang='lat' dir='ltr'><strong>qui</strong></span> <span class='ocrx_word' id='word_1_18' title='bbox 1072 458 1169 507; x_wconf 87' lang='lat' dir='ltr'><strong>hac</strong></span> <span class='ocrx_word' id='word_1_19' title='bbox 1207 472 1408 524; x_wconf 86' lang='lat' dir='ltr'><strong>quoque</strong></span> <span class='ocrx_word' id='word_1_20' title='bbox 1438 458 1495 503; x_wconf 89' lang='lat' dir='ltr'><strong>in</strong></span> <span class='ocrx_word' id='word_1_21' title='bbox 1533 472 1589 504; x_wconf 90' lang='lat' dir='ltr'><strong>re</strong></span> <span class='ocrx_word' id='word_1_22' title='bbox 1618 472 1812 520; x_wconf 83' lang='lat' dir='ltr'><strong>summa</strong></span> <span class='ocrx_word' id='word_1_23' title='bbox 1842 473 1961 507; x_wconf 82' lang='lat' dir='ltr'><strong>cum</strong></span> <span class='ocrx_word' id='word_1_24' title='bbox 1989 460 2297 515; x_wconf 68' lang='lat' dir='ltr'><strong>humanitate</strong></span> <span class='ocrx_word' id='word_1_25' title='bbox 2326 464 2709 523; x_wconf 50' lang='lat' dir='ltr'><strong>ethmuolen.</strong></span> 
     </span>
     <span class='ocr_line' id='line_1_4' title="bbox 351 515 2709 589; baseline 0.002 -17"><span class='ocrx_word' id='word_1_26' title='bbox 351 529 422 580; x_wconf 84' lang='lat' dir='ltr'><strong>tia</strong></span> <span class='ocrx_word' id='word_1_27' title='bbox 454 540 536 577; x_wconf 84' lang='lat' dir='ltr'><strong>me</strong></span> <span class='ocrx_word' id='word_1_28' title='bbox 575 523 805 571; x_wconf 84' lang='lat' dir='ltr'><strong>doctrina</strong></span> <span class='ocrx_word' id='word_1_29' title='bbox 834 538 925 571; x_wconf 85' lang='lat' dir='ltr'><strong>sua</strong></span> <span class='ocrx_word' id='word_1_30' title='bbox 964 535 1016 572; x_wconf 88' lang='lat' dir='ltr'><strong>et</strong></span> <span class='ocrx_word' id='word_1_31' title='bbox 1047 519 1257 571; x_wconf 88' lang='lat' dir='ltr'><strong>consilio</strong></span> <span class='ocrx_word' id='word_1_32' title='bbox 1289 515 1389 565; x_wconf 88' lang='lat' dir='ltr'><strong>frui</strong></span> <span class='ocrx_word' id='word_1_33' title='bbox 1418 534 1590 584; x_wconf 84' lang='lat' dir='ltr'><strong>passus</strong></span> <span class='ocrx_word' id='word_1_34' title='bbox 1631 532 1727 580; x_wconf 86' lang='lat' dir='ltr'><strong>est,</strong></span> <span class='ocrx_word' id='word_1_35' title='bbox 1773 523 2087 572; x_wconf 77' lang='lat' dir='ltr'><strong>nominarem</strong></span> <span class='ocrx_word' id='word_1_36' title='bbox 2124 526 2465 589; x_wconf 78' lang='lat' dir='ltr'><strong>Hauboldum,</strong></span> <span class='ocrx_word' id='word_1_37' title='bbox 2501 532 2598 589; x_wconf 81' lang='lat' dir='ltr'><strong>cui</strong></span> <span class='ocrx_word' id='word_1_38' title='bbox 2625 547 2709 583; x_wconf 78' lang='lat' dir='ltr'><strong>me</strong></span> 
     </span>
     <span class='ocr_line' id='line_1_5' title="bbox 351 583 2705 659; baseline 0.003 -21"><span class='ocrx_word' id='word_1_39' title='bbox 351 604 505 655; x_wconf 88' lang='lat' dir='ltr'><strong>opere</strong></span> <span class='ocrx_word' id='word_1_40' title='bbox 543 599 749 652; x_wconf 80' lang='lat' dir='ltr'><strong>peracto</strong></span> <span class='ocrx_word' id='word_1_41' title='bbox 795 589 986 652; x_wconf 75' lang='lat' dir='ltr'><strong>gratias!</strong></span> <span class='ocrx_word' id='word_1_42' title='bbox 1015 600 1159 650; x_wconf 82' lang='lat' dir='ltr'><strong>agere</strong></span> <span class='ocrx_word' id='word_1_43' title='bbox 1197 598 1302 630; x_wconf 84' lang='lat' dir='ltr'><strong>non</strong></span> <span class='ocrx_word' id='word_1_44' title='bbox 1332 598 1481 647; x_wconf 85' lang='lat' dir='ltr'><strong>posse</strong></span> <span class='ocrx_word' id='word_1_45' title='bbox 1523 586 1815 647; x_wconf 87' lang='lat' dir='ltr'><strong>grauissime</strong></span> <span class='ocrx_word' id='word_1_46' title='bbox 1853 583 2002 635; x_wconf 76' lang='lat' dir='ltr'><strong>doleo</strong></span> <span class='ocrx_word' id='word_1_47' title='bbox 2016 595 2041 646; x_wconf 69' lang='grc'><strong>,“</strong></span> <span class='ocrx_word' id='word_1_48' title='bbox 2054 625 2055 628; x_wconf 21' lang='lat'>¹</span> <span class='ocrx_word' id='word_1_49' title='bbox 2069 593 2381 645; x_wconf 79' lang='lat' dir='ltr'><strong>nominarem</strong></span> <span class='ocrx_word' id='word_1_50' title='bbox 2422 593 2705 659; x_wconf 68' lang='lat' dir='ltr'><strong>nugonem,</strong></span> 
     </span>
     <span class='ocr_line' id='line_1_6' title="bbox 349 644 2705 724; baseline 0.005 -26"><span class='ocrx_word' id='word_1_51' title='bbox 349 654 436 719; x_wconf 89' lang='lat' dir='ltr'><strong>qui</strong></span> <span class='ocrx_word' id='word_1_52' title='bbox 467 668 566 700; x_wconf 88' lang='lat' dir='ltr'><strong>una</strong></span> <span class='ocrx_word' id='word_1_53' title='bbox 599 667 720 699; x_wconf 90' lang='lat' dir='ltr'><strong>cum</strong></span> <span class='ocrx_word' id='word_1_54' title='bbox 751 650 852 701; x_wconf 90' lang='lat' dir='ltr'><strong>hoc</strong></span> <span class='ocrx_word' id='word_1_55' title='bbox 884 653 1071 718; x_wconf 86' lang='lat' dir='ltr'><strong>primus</strong></span> <span class='ocrx_word' id='word_1_56' title='bbox 1102 648 1327 695; x_wconf 88' lang='lat' dir='ltr'><strong>uirorum</strong></span> <span class='ocrx_word' id='word_1_57' title='bbox 1358 644 1624 698; x_wconf 85' lang='lat' dir='ltr'><strong>doctorum</strong></span> <span class='ocrx_word' id='word_1_58' title='bbox 1646 663 1710 697; x_wconf 83' lang='lat' dir='ltr'><strong>ex</strong></span> <span class='ocrx_word' id='word_1_59' title='bbox 1746 651 2045 699; x_wconf 87' lang='lat' dir='ltr'><strong>ectationem</strong></span> <span class='ocrx_word' id='word_1_60' title='bbox 2074 657 2346 717; x_wconf 82' lang='lat' dir='ltr'><strong>praeconio</strong></span> <span class='ocrx_word' id='word_1_61' title='bbox 2369 672 2461 707; x_wconf 88' lang='lat' dir='ltr'><strong>suo</strong></span> <span class='ocrx_word' id='word_1_62' title='bbox 2491 658 2548 707; x_wconf 74' lang='lat' dir='ltr'><strong>in</strong></span> <span class='ocrx_word' id='word_1_63' title='bbox 2577 651 2705 724; x_wconf 64' lang='lat' dir='ltr'><strong>opfis</strong></span> 
     </span>
     <span class='ocr_line' id='line_1_7' title="bbox 346 709 2705 791; baseline 0.005 -29"><span class='ocrx_word' id='word_1_64' title='bbox 346 728 572 763; x_wconf 87' lang='lat' dir='ltr'><strong>nostrum</strong></span> <span class='ocrx_word' id='word_1_65' title='bbox 613 727 909 764; x_wconf 89' lang='lat' dir='ltr'><strong>conuertere</strong></span> <span class='ocrx_word' id='word_1_66' title='bbox 941 714 1165 776; x_wconf 83' lang='lat' dir='ltr'><strong>dignatus</strong></span> <span class='ocrx_word' id='word_1_67' title='bbox 1205 720 1302 771; x_wconf 88' lang='lat' dir='ltr'><strong>est,</strong></span> <span class='ocrx_word' id='word_1_68' title='bbox 1351 712 1396 759; x_wconf 88' lang='lat' dir='ltr'><strong>si</strong></span> <span class='ocrx_word' id='word_1_69' title='bbox 1426 709 1506 758; x_wconf 86' lang='lat' dir='ltr'><strong>his</strong></span> <span class='ocrx_word' id='word_1_70' title='bbox 1537 713 1660 762; x_wconf 88' lang='lat' dir='ltr'><strong>uiris</strong></span> <span class='ocrx_word' id='word_1_71' title='bbox 1728 715 1845 780; x_wconf 87' lang='lat' dir='ltr'><strong>igno</strong></span> <span class='ocrx_word' id='word_1_72' title='bbox 1876 712 2048 763; x_wconf 75' lang='lat' dir='ltr'><strong>habitu</strong></span> <span class='ocrx_word' id='word_1_73' title='bbox 2077 713 2282 791; x_wconf 86' lang='lat' dir='ltr'><strong>prodire</strong></span> <span class='ocrx_word' id='word_1_74' title='bbox 2325 723 2526 782; x_wconf 85' lang='lat' dir='ltr'><strong>scirem,</strong></span> <span class='ocrx_word' id='word_1_75' title='bbox 2552 735 2705 790; x_wconf 62' lang='lat' dir='ltr'><strong>‘qlme</strong></span> 
     </span>
     <span class='ocr_line' id='line_1_8' title="bbox 343 772 2704 842; baseline 0 -15"><span class='ocrx_word' id='word_1_76' title='bbox 343 795 521 827; x_wconf 88' lang='lat' dir='ltr'><strong>eorum</strong></span> <span class='ocrx_word' id='word_1_77' title='bbox 559 777 848 828; x_wconf 86' lang='lat' dir='ltr'><strong>nominibus</strong></span> <span class='ocrx_word' id='word_1_78' title='bbox 886 786 1089 840; x_wconf 86' lang='lat' dir='ltr'><strong>accepta</strong></span> <span class='ocrx_word' id='word_1_79' title='bbox 1126 772 1252 823; x_wconf 88' lang='lat' dir='ltr'><strong>fero.</strong></span> <span class='ocrx_word' id='word_1_80' title='bbox 1336 776 1573 825; x_wconf 87' lang='lat' dir='ltr'><strong>Ceterum</strong></span> <span class='ocrx_word' id='word_1_81' title='bbox 1610 776 1748 842; x_wconf 87' lang='lat' dir='ltr'><strong>quod</strong></span> <span class='ocrx_word' id='word_1_82' title='bbox 1783 778 1940 833; x_wconf 83' lang='lat' dir='ltr'><strong>multa</strong></span> <span class='ocrx_word' id='word_1_83' title='bbox 1979 777 2099 834; x_wconf 69' lang='lat' dir='ltr'><strong>Tibi</strong></span> <span class='ocrx_word' id='word_1_84' title='bbox 2143 781 2309 832; x_wconf 83' lang='lat' dir='ltr'><strong>minus</strong></span> <span class='ocrx_word' id='word_1_85' title='bbox 2357 784 2608 836; x_wconf 64' lang='lat' dir='ltr'><strong>elaborata</strong></span> <span class='ocrx_word' id='word_1_86' title='bbox 2652 797 2704 835; x_wconf 75' lang='lat' dir='ltr'><strong>et</strong></span> 
     </span>
     <span class='ocr_line' id='line_1_9' title="bbox 344 836 2703 918; baseline 0.004 -28"><span class='ocrx_word' id='word_1_87' title='bbox 344 840 569 908; x_wconf 82' lang='lat' dir='ltr'><strong>perfecta</strong></span> <span class='ocrx_word' id='word_1_88' title='bbox 601 841 901 892; x_wconf 83' lang='lat' dir='ltr'><strong>uidebuntur</strong></span> <span class='ocrx_word' id='word_1_89' title='bbox 928 841 999 888; x_wconf 85' lang='lat' dir='ltr'><strong>ita</strong></span> <span class='ocrx_word' id='word_1_90' title='bbox 1030 836 1312 900; x_wconf 87' lang='lat' dir='ltr'><strong>excusabis,</strong></span> <span class='ocrx_word' id='word_1_91' title='bbox 1361 853 1444 888; x_wconf 89' lang='lat' dir='ltr'><strong>me</strong></span> <span class='ocrx_word' id='word_1_92' title='bbox 1484 836 1706 890; x_wconf 81' lang='lat' dir='ltr'><strong>noluisse</strong></span> <span class='ocrx_word' id='word_1_93' title='bbox 1745 840 1959 908; x_wconf 76' lang='lat' dir='ltr'><strong>amplius</strong></span> <span class='ocrx_word' id='word_1_94' title='bbox 1989 842 2045 892; x_wconf 88' lang='lat' dir='ltr'><strong>in</strong></span> <span class='ocrx_word' id='word_1_95' title='bbox 2072 842 2405 918; x_wconf 74' lang='lat' dir='ltr'><strong>per-poliendo</strong></span> <span class='ocrx_word' id='word_1_96' title='bbox 2432 845 2564 903; x_wconf 69' lang='lat' dir='ltr'><strong>libro</strong></span> <span class='ocrx_word' id='word_1_97' title='bbox 2593 864 2703 908; x_wconf 72' lang='lat' dir='ltr'><strong>mo·</strong></span> 
     </span>
     <span class='ocr_line' id='line_1_10' title="bbox 341 901 2701 974; baseline 0.004 -22"><span class='ocrx_word' id='word_1_98' title='bbox 341 909 465 967; x_wconf 85' lang='lat' dir='ltr'><strong>rari,</strong></span> <span class='ocrx_word' id='word_1_99' title='bbox 513 923 579 956; x_wconf 89' lang='lat' dir='ltr'><strong>ne</strong></span> <span class='ocrx_word' id='word_1_100' title='bbox 621 921 748 973; x_wconf 88' lang='lat' dir='ltr'><strong>quae</strong></span> <span class='ocrx_word' id='word_1_101' title='bbox 787 903 995 952; x_wconf 86' lang='lat' dir='ltr'><strong>meliora</strong></span> <span class='ocrx_word' id='word_1_102' title='bbox 1039 901 1251 951; x_wconf 86' lang='lat' dir='ltr'><strong>reddere</strong></span> <span class='ocrx_word' id='word_1_103' title='bbox 1290 901 1476 952; x_wconf 87' lang='lat' dir='ltr'><strong>uellem</strong></span> <span class='ocrx_word' id='word_1_104' title='bbox 1507 902 1754 953; x_wconf 80' lang='lat' dir='ltr'><strong>deteriora</strong></span> <span class='ocrx_word' id='word_1_105' title='bbox 1792 904 2032 966; x_wconf 79' lang='lat' dir='ltr'><strong>facerem3</strong></span> <span class='ocrx_word' id='word_1_106' title='bbox 2084 921 2193 972; x_wconf 74' lang='lat' dir='ltr'><strong>ipse</strong></span> <span class='ocrx_word' id='word_1_107' title='bbox 2230 910 2368 959; x_wconf 86' lang='lat' dir='ltr'><strong>enim</strong></span> <span class='ocrx_word' id='word_1_108' title='bbox 2413 910 2541 963; x_wconf 67' lang='lat' dir='ltr'><strong>berte</strong></span> <span class='ocrx_word' id='word_1_109' title='bbox 2578 913 2701 974; x_wconf 80' lang='lat' dir='ltr'><strong>scio,</strong></span> 
     </span>
     <span class='ocr_line' id='line_1_11' title="bbox 341 965 2712 1037; baseline 0.002 -17"><span class='ocrx_word' id='word_1_110' title='bbox 341 983 654 1037; x_wconf 87' lang='lat' dir='ltr'><strong>quantopere</strong></span> <span class='ocrx_word' id='word_1_111' title='bbox 686 973 739 1017; x_wconf 89' lang='lat' dir='ltr'><strong>in</strong></span> <span class='ocrx_word' id='word_1_112' title='bbox 768 965 1060 1015; x_wconf 89' lang='lat' dir='ltr'><strong>huiusmodi</strong></span> <span class='ocrx_word' id='word_1_113' title='bbox 1090 977 1276 1015; x_wconf 85' lang='lat' dir='ltr'><strong>conatu</strong></span> <span class='ocrx_word' id='word_1_114' title='bbox 1307 965 1583 1016; x_wconf 90' lang='lat' dir='ltr'><strong>uerendum</strong></span> <span class='ocrx_word' id='word_1_115' title='bbox 1613 968 1703 1027; x_wconf 52' lang='grc' dir='ltr'><strong>εἰμ’</strong></span> <span class='ocrx_word' id='word_1_116' title='bbox 1742 984 1816 1027; x_wconf 67' lang='grc' dir='ltr'><strong>ηε,</strong></span> <span class='ocrx_word' id='word_1_117' title='bbox 1838 968 1902 1017; x_wconf 86' lang='lat' dir='ltr'><strong>ad</strong></span> <span class='ocrx_word' id='word_1_118' title='bbox 1934 974 2208 1019; x_wconf 85' lang='lat' dir='ltr'><strong>extremum</strong></span> <span class='ocrx_word' id='word_1_119' title='bbox 2239 970 2514 1030; x_wconf 69' lang='lat' dir='ltr'><strong>diuinando</strong></span> <span class='ocrx_word' id='word_1_120' title='bbox 2545 976 2712 1026; x_wconf 74' lang='lat' dir='ltr'><strong>corri-⁴</strong></span> 
     </span>
     <span class='ocr_line' id='line_1_12' title="bbox 343 1028 2677 1142; baseline -0.002 -58"><span class='ocrx_word' id='word_1_121' title='bbox 343 1034 509 1099; x_wconf 84' lang='lat' dir='ltr'><strong>gendo</strong></span> <span class='ocrx_word' id='word_1_122' title='bbox 549 1029 852 1083; x_wconf 86' lang='lat' dir='ltr'><strong>restituendo</strong></span> <span class='ocrx_word' id='word_1_123' title='bbox 892 1028 1038 1096; x_wconf 83' lang='lat' dir='ltr'><strong>plura</strong></span> <span class='ocrx_word' id='word_1_124' title='bbox 1077 1042 1397 1078; x_wconf 87' lang='lat' dir='ltr'><strong>renascantur</strong></span> <span class='ocrx_word' id='word_1_125' title='bbox 1438 1046 1587 1142; x_wconf 55' lang='lat' dir='ltr'><strong>ffim</strong></span> <span class='ocrx_word' id='word_1_126' title='bbox 1628 1046 1802 1080; x_wconf 88' lang='lat' dir='ltr'><strong>reuera</strong></span> <span class='ocrx_word' id='word_1_127' title='bbox 1844 1031 2103 1099; x_wconf 84' lang='lat' dir='ltr'><strong>deperdita</strong></span> <span class='ocrx_word' id='word_1_128' title='bbox 2139 1035 2251 1085; x_wconf 82' lang='lat' dir='ltr'><strong>sint.</strong></span> <span class='ocrx_word' id='word_1_129' title='bbox 2306 1034 2445 1089; x_wconf 82' lang='lat' dir='ltr'><strong>Vale.</strong></span> <span class='ocrx_word' id='word_1_130' title='bbox 2673 1074 2677 1079; x_wconf 92' lang='lat'>.</span> 
     </span>
     <span class='ocr_line' id='line_1_13' title="bbox 603 1091 1850 1147; baseline -0.002 -1"><span class='ocrx_word' id='word_1_131' title='bbox 603 1093 1147 1146; x_wconf 51' lang='lat' dir='ltr'><strong>Scribebam‘Berolini</strong></span> <span class='ocrx_word' id='word_1_132' title='bbox 1176 1091 1244 1141; x_wconf 90' lang='lat' dir='ltr'><strong>id.</strong></span> <span class='ocrx_word' id='word_1_133' title='bbox 1277 1093 1417 1143; x_wconf 91' lang='lat' dir='ltr'><strong>Febr.</strong></span> <span class='ocrx_word' id='word_1_134' title='bbox 1560 1095 1850 1147; x_wconf 81' lang='lat' dir='ltr'>CCCXXV.</span> 
     </span>
    </p>
   </div>
  </div>
 </body>
</html>
