2776 3678
470 400 742 458 PETET.
813 397 1128 471 QVOIVS.
1195 399 1314 452 EX.
1373 397 1450 451 H.
1515 398 1581 452 L·
1636 396 2002 451 ΡΕΊἸΤῙΟ.Ι
2039 399 2273 489 ERIT.⁸
2313 401 2399 453 IS.
2457 397 2650 452 EVM.

270 504 721 570 (v111,..19)VNDE
751 505 1028 573 PETET.
1061 505 1185 558 DE.
1215 501 1653 558 CDL‘VJREI&
1691 500 1930 576 QVEL
1943 500 2045 556 IN.
2078 499 2278 590 EHVM.
2293 494 2341 580 ⁸)
2376 502 2651 557 ANNVM.

384 627 430 686 b)
460 625 571 678 VM.
600 627 651 671 in
678 628 852 675 schedis
880 626 1054 688 quidem
1081 638 1175 669 non
1202 624 1287 670 nisi
1315 615 1563 701 mutilatum
1591 622 1783 686 legitur3
1799 623 1905 671 ‘Vn-
1935 632 2084 669 autem
2113 634 2164 669 et
2179 624 2272 687 sig,
2300 628 2465 688 pariter
2490 613 2654 672 lectio-

269 714 372 744 nem
403 698 687 746 confirmant.
1648 720 1661 743 Χ

474 854 607 910 eric,
669 853 715 899 is
764 863 922 909 eum,
989 841 1142 900 uncle
1183 857 1339 918 petet
1348 886 1369 910 ,
1413 842 1488 899 de
1529 844 1817 900 CDLuiris
1837 840 1946 917 (²),
2011 849 2109 919 qui
2153 849 2215 897 in.
2263 833 2413 923 enum
2454 860 2656 899 annum

266 1007 393 1049 quam
420 995 607 1051 Sigonius
633 997 756 1048 capiti
783 993 843 1035 de
867 997 1041 1036 nomine
1066 994 1320 1051 recipiendo
1347 994 1514 1043 tribuit,
1540 1008 1634 1037 cum
1660 994 1711 1036 ab
1738 993 1824 1035 illis
1850 994 2085 1052 fragmentis
2110 992 2266 1037 inclusa
2291 995 2364 1044 sit,
2403 992 2459 1034 ad
2482 993 2656 1048 eandem

265 1074 355 1104 rem
388 1064 592 1117 pertinere
629 1062 832 1108 debuisse.
885 1064 1051 1119 Quibus
1077 1078 1128 1107 ex
1154 1066 1284 1109 causis
1310 1063 1546 1110 tabularum
1577 1065 1751 1119 uestigia
1772 1065 1904 1112 ,secuti
1927 1075 2007 1102 nos
2031 1065 2088 1102 ita
2110 1063 2333 1119 fragmenta
2358 1063 2655 1108 coniunxinm,

266 1139 313 1171 ut
348 1134 465 1185 prior
503 1130 615 1171 linea
641 1135 820 1172 nominis
849 1133 1048 1174 delationi
1074 1134 1228 1172 tributa
1253 1135 1325 1179 sit,
1371 1132 1558 1189 reliquae
1583 1145 1724 1171 omnes
1750 1131 1804 1170 ad
1835 1132 1908 1172 lin.
1933 1128 2090 1171 XXVI.
2114 1130 2249 1184 usque
2268 1130 2471 1170 iudicibus
2506 1131 2551 1169 in
2576 1131 2657 1170 sin-

266 1200 374 1253 gulis
400 1201 531 1239 causis
559 1216 582 1241 e
610 1201 826 1241 CDLuiris
852 1200 1052 1257 legendis.
1120 1200 1337 1242 Hactenus
1355 1201 1525 1257 quidem
1552 1200 1603 1242 de
1630 1206 1867 1255 argumento
1891 1189 2023 1242 nostri
2045 1199 2190 1253 capitis
2205 1208 2298 1240 non
2323 1204 2402 1248 est,
2440 1194 2554 1255 quod
2579 1195 2657 1238 du-

267 1267 440 1314 bitetur:
470 1282 576 1324 quae
605 1269 657 1310 de
686 1268 894 1311 iudicibus
921 1269 1106 1326 legendis
1133 1267 1295 1326 singula
1319 1267 1658 1323 praescribantur,
1683 1265 1737 1307 de
1762 1268 1812 1307 iis
1837 1278 1922 1306 non
1946 1265 2123 1316 mulsum
2149 1266 2303 1315 abfuit,
2326 1275 2373 1304 ut
2391 1266 2658 1320 desperarem.

269 1334 452 1375 Omnino
477 1337 588 1375 enim
615 1335 721 1375 nihil
748 1350 798 1376 ex
823 1337 1073 1377 iudiciorum
1098 1335 1268 1376 historia
1294 1346 1451 1377 certum
1477 1346 1557 1383 est,
1599 1349 1623 1375 e
1649 1347 1733 1389 quo
1758 1332 1821 1372 his
1852 1335 1994 1374 saltem
2026 1335 2182 1374 lacunis
2208 1349 2330 1387 opem
2355 1334 2658 1389 quodammodo

269 1404 379 1442 ferre
405 1406 618 1454 possimus.
679 1404 786 1453 Nam
814 1406 929 1457 quod
956 1406 1063 1444 tradi
1089 1405 1215 1453 solet,
1249 1405 1458 1457 duplicem
1484 1404 1585 1444 olim
1619 1403 1802 1443 iudicum
1835 1401 2103 1458 legendorum
2128 1399 2329 1443 rationem
2354 1402 2500 1451 fuisse,
2530 1402 2658 1442 sorti-

271 1472 431 1508 tionem
458 1469 791 1518 et-editionem,
831 1469 928 1510 huic
955 1480 1064 1512 certe
1091 1471 1206 1519 loco,
1246 1470 1319 1511 ubi
1345 1473 1388 1511 in
1414 1464 1631 1511 ordinariis
1657 1467 1818 1510 iudiciis
1844 1481 2080 1518 uersamur,
2121 1470 2227 1510 nihil
2253 1469 2372 1520 affert
2396 1468 2523 1517 lucis,
2565 1481 2659 1509 cum

271 1539 412 1576 omnia
438 1549 544 1592 quae
570 1540 760 1577 nouerim
784 1540 974 1591 exempla
1001 1540 1185 1577 iudicum
1212 1540 1472 1578 editicios-um
1496 1550 1581 1577 non
1607 1537 1661 1576 ad
1686 1536 1762 1576 illa
1787 1536 1860 1577 sed
1886 1535 1940 1576 ad
1964 1535 2094 1577 tribus
2126 1536 2305 1577 edendas
2329 1538 2569 1589 pertineant.
2596 1536 2660 1579 Cf.

271 1603 356 1659 sig.
384 1603 437 1644 de
464 1604 549 1644 iud.
576 1602 637 1651 II,
667 1611 727 1647 12.
771 1604 964 1647 Heinecc.
993 1615 1071 1646 ant.
1100 1605 1184 1654 IV,
1213 1613 1286 1656 18,
1311 1614 1375 1650 23.
1419 1606 1506 1647 Cic.
1532 1619 1610 1660 pro
1635 1602 1774 1649 Plane.
1800 1618 1836 1647 c.
1863 1609 1912 1648 15
1930 1628 1979 1636 —
1999 1610 2062 1648 17.
2110 1602 2262 1644 Causas
2287 1603 2391 1644 ue'ro
2416 1603 2660 1657 repetunda-⁴

272 1686 388 1721 rum,
429 1685 530 1726 quas
557 1672 799 1713 Ciceronem
825 1675 870 1713 in
896 1675 1058 1716 iudiciis
1084 1689 1135 1716 ex
1158 1674 1251 1730 lege
1276 1673 1472 1716 cornelia
1490 1670 1722 1714 'constitutis
1748 1686 1868 1729 agere
1892 1667 2101 1722 uidemus,
2143 1672 2295 1713 frustra
2324 1670 2406 1713 huc
2432 1670 2659 1720 afferamus,

274 1750 368 1780 cum
395 1740 552 1782 iudices
579 1743 623 1781 in
650 1740 735 1781 illis
762 1753 846 1782 non
872 1741 941 1782 edi
968 1742 1042 1782 sed
1067 1733 1279 1783 sortitione
1312 1741 1397 1799 legi
1423 1749 1588 1781 constet.
1640 1740 1726 1782 Cic.
1752 1743 1796 1779 in
1828 1739 1943 1781 Verr.
1967 1738 2009 1787 1,
2036 1747 2072 1782 6.
2100 1739 2156 1784 ib.
2181 1742 2329 1781 Ascon.
2395 1739 2456 1779 Ita
2480 1742 2661 1780 testimo-

272 1810 353 1847 niis
381 1807 548 1848 aliunde
575 1812 767 1866 quaesitis
794 1810 996 1860 destituti,
1044 1811 1266 1868 Sigoniana
1290 1813 1420 1850 nostri
1445 1810 1529 1849 loci
1555 1812 1809 1850 restitutione
1835 1810 2032 1849 docemur
2056 1821 2107 1848 ex
2137 1807 2230 1863 lege
2256 1808 2431 1848 Seruilia
2459 1818 2662 1850 accusato-

271 1888 361 1913 rem
380 1875 415 1912 C
433 1878 547 1915 uiros
573 1879 698 1917 edere
725 1879 937 1924 debuisse,
963 1893 1081 1917 reum
1107 1894 1156 1917 ex
1183 1880 1303 1917 editis
1320 1879 1355 1915 L
1372 1878 1524 1930 legere,
1551 1890 1685 1926 neque
1710 1889 1837 1929 nego,
1864 1877 1910 1915 id
1936 1891 1986 1916 ex
2013 1879 2063 1916 iis
2089 1886 2196 1930 qua‘e
2219 1889 2315 1915 mox
2341 1873 2565 1916 inferentur
2591 1876 2662 1918 de-

269 1944 489 1981 monstrari
521 1956 664 1995 posse:
712 1945 784 1983 sed
820 1945 969 1984 additis
996 1947 1076 1992 eis,
1120 1956 1227 1998 quae
1262 1951 1308 1982 ut
1334 1941 1489 1981 dictum
1515 1949 1575 1981 est
1596 1939 1785 1996 Sigonius
1818 1938 2067 1988 excluserat,
2110 1940 2297 1979 uidemus
2325 1940 2531 1995 duplicem
2556 1945 2664 1985 eius·

268 2009 382 2048 modi
408 2010 593 2048 iudicum
620 2010 845 2050 editionem
872 2009 1075 2049 similibus
1109 2010 1198 2050 fere
1223 2008 1365 2048 uerbis
1389 2010 1683 2062 praescriptam
1708 2008 1856 2060 fuisse,
1877 2007 1941 2051 'at
1965 2010 2176 2064 quaeritur
2206 2021 2308 2061 prae
2341 2000 2509 2059 ceteris,
2552 2015 2663 2065 quis-

269 2088 365 2114 nam
390 2075 540 2116 eodem
564 2077 714 2125 modo,
758 2091 843 2133 quo
869 2078 976 2116 infra
1002 2077 1077 2117 lin.
1102 2075 1218 2118 XXI.
1245 2076 1301 2117 de
1335 2085 1569 2116 accusatore
1595 2084 1637 2115 et
1669 2090 1743 2117 reo
1770 2075 1926 2116 dictum
1952 2084 2033 2123 est,
2078 2074 2203 2115 edere
2229 2084 2270 2115 et
2301 2090 2352 2117 ex
2376 2074 2498 2120 editis
2523 2077 2662 2135 legere

271 2143 466 2197 potuerit.
532 2141 599 2183 Ab
626 2143 732 2184 alios
762 2154 925 2199 praeter
949 2152 1086 2200 partes
1113 2143 1302 2183 iudices
1317 2142 1445 2184 lectos
1471 2143 1655 2184 editosue
1681 2129 1771 2193 esse
1793 2155 1879 2182 non
1902 2150 1963 2182 est
1986 2141 2337 2189 uerisim11e,ab
2370 2147 2555 2202 utrisque
2588 2148 2664 2186 ita·
2669 2142 2673 2149 '

273 2224 356 2266 que
390 2210 572 2262 partibus
610 2214 776 2251 inuerso
810 2214 956 2252 ordine
993 2214 1122 2252 lectos
1157 2221 1199 2251 et
1233 2212 1366 2251 editos
1401 2215 1633 2257 statuimus,
1677 2212 1734 2249 ita
1759 2218 1827 2256 ut,
1878 2224 1962 2263 quo
1987 2210 2115 2278 mffllo
2139 2212 2321 2263 primum
2352 2206 2563 2263 accusator
2588 2214 2664 2255 ali-

274 2292 400 2333 quem
424 2292 639 2318 numerum
666 2279 816 2321 edebat
842 2291 883 2321 et
907 2295 1001 2321 reus
1028 2280 1155 2320 alium
1181 2294 1230 2320 ex
1255 2279 1375 2320 editis
1401 2278 1583 2335 legebat,
1628 2279 1754 2320 etiarn
1788 2289 1882 2318 reus
1920 2278 2143 2319 accusatori
2171 2271 2342 2320 totidem
2366 2286 2597 2334 proponere
2623 2290 2664 2323 et

277 2354 486 2387 accusator
511 2356 666 2388 certum
692 2361 912 2391 numerum
936 2362 987 2390 ex
1012 2349 1228 2403 propositis
1255 2347 1393 2405 legere
1420 2345 1619 2389 debuerit.
1691 2345 1820 2401 Quod
1855 2358 1949 2386 cum
1981 2344 2093 2387 haud
2127 2346 2220 2387 leue
2244 2356 2493 2388 momentum
2529 2349 2664 2391 facere

276 2416 457 2465 potuerit
495 2415 548 2454 ad
583 2420 842 2458 seueritatem
882 2420 925 2456 in
959 2416 1025 2457 his
1049 2417 1212 2456 iudiciis
1248 2416 1478 2472 augendam
1503 2415 1626 2456 facile
1654 2414 1941 2470 intelligimus,
1987 2427 2164 2470 quanam
2197 2415 2250 2457 de
2277 2429 2397 2457 causa
2422 2416 2538 2459 Sulla
2562 2416 2662 2461 haec

277 2482 417 2522 omnia
443 2483 498 2522 ita
525 2484 733 2525 sustulerit
758 2495 804 2526 ut
830 2488 872 2529 in
900 2488 1032 2526 causis
1057 2484 1376 2540 repetundarum
1402 2498 1504 2542 quas
1530 2498 1581 2527 ex
1605 2483 1868 2526 orationibus
1888 2482 2095 2525 Tullianis
2119 2485 2330 2534 nouimus„
2354 2487 2664 2543 <ln-uestigium

276 2549 450 2604 quidem
475 2549 594 2591 huius
619 2551 785 2608 legendi
809 2554 966 2594 formae
991 2556 1231 2594 remanserit
1255 2555 1470 2609 omnisque
1496 2565 1562 2594 res
1589 2553 1643 2594 ad
1668 2562 1820 2594 sortem
1847 2551 2034 2593 traducta
2059 2554 2121 2596 sit.
2172 2551 2284 2594 Haec
2310 2555 2344 2593 si
2369 2552 2446 2595 tibi
2470 2569 2663 2609 persuasa

276 2625 392 2668 sunt,
420 2617 474 2659 de
500 2620 668 2676 singulis
693 2621 815 2663 rebus
841 2622 1055 2664 nobiscum
1080 2634 1292 2678 cognosce.

378 2734 423 2782 2)
452 2730 613 2786 8152„
627 2731 749 2785 Quei.
773 2713 993 2786 pequniam
1020 2733 1071 2773 ab
1100 2732 1257 2782 aliter-o.
1270 2744 1402 2787 petet.
1432 2737 1481 2774 is.
1503 2748 1611 2780 eum
1642 2733 1768 2777 unde.
1780 2743 1912 2788 petet.
1927 2747 1994 2775 ex.
2011 2722 2301 2776 Praetoribus.
2327 2736 2440 2789 quei.
2455 2734 2521 2777 in.
2540 2740 2660 2789 esum.

276 2796 410 2840 caet.”
483 2799 790 2865 corrigendum
815 2803 999 2855 inprimis
1024 2799 1243 2857 uidebatur
1268 2801 1570 2853 Praetoribus,
1599 2817 1693 2844 cum
1721 2804 1766 2843 in
1785 2801 2052 2859 ‘sequentibus
2078 2803 2130 2843 de
2156 2802 2207 2843 eo
2235 2810 2398 2858 agatur,
2413 2803 2502 2857 qni
2526 2802 2663 2844 iudex

278 2870 324 2905 in
351 2881 448 2906 eum
472 2881 635 2908 armum
658 2871 817 2923 factus
851 2872 957 2919 eric,
1000 2868 1113 2924 quod
1139 2854 1318 2910 iudicem
1353 2872 1597 2926 quaestionis
1630 2874 1768 2927 potius
1794 2884 1919 2928 quam
1944 2869 2176 2913 Praetorem
2215 2879 2398 2925 spectare
2422 2872 2517 2913 satis
2540 2870 2663 2937 15⁸&ss

279 2932 460 2992 Iudicem
492 2947 629 2979 autem
662 2952 713 2978 ex
749 2937 848 2978 albo
882 2936 1087 2985 iudicum,
1130 2937 1307 2994 ideoque
1342 2953 1393 2978 ex
1429 2938 1522 2995 lege
1548 2940 1726 2982 Seruilia
1752 2941 1804 2993 de
1832 2940 2041 2981 CDLuiris
2059 2940 2226 2982 lectum
2244 2939 2368 2996 fnisse
2392 2951 2476 2980 non
2501 2949 2561 2983 est
2584 2941 2664 2983 du-

279 3001 406 3045 bium.
455 3004 529 3045 Sin
555 3008 647 3064 quis
674 3004 837 3046 dubitet
863 3018 916 3046 an
943 3006 988 3055 in
1016 3015 1167 3044 annum
1192 2999 1335 3046 factus
1345 3001 1471 3046 fuerit
1496 3007 1618 3049 iudex
1634 3009 1904 3064 quaestionis,
1927 3021 2089 3050 memor
2112 3011 2166 3062 sit
2190 3009 2238 3050 C.
2265 2991 2430 3047 vuenti
2450 3005 2663 3059 Varronis,

279 3084 405 3127 quem
431 3071 576 3112 Cicero
600 3082 777 3122 narrat,
776 3083 894 3128 ,post
921 3073 1113 3113 curulem
1137 3059 1414 3113 aedilitatem
1440 3075 1615 3116 iudicem
1639 3079 1889 3135 quaestionis
1912 3076 2083 3119 fulsum
2121 3076 2235 3117 Brut.
2249 3082 2324 3119 ,76.
2374 3063 2502 3118 iudex
2521 3087 2663 3120 amem

280 3141 532 3195 quaestionis
559 3141 695 3183 officia
719 3146 880 3184 minora
906 3144 951 3183 in
990 3141 1058 3184 his
1080 3138 1247 3183 iudiciis
1273 3140 1481 3192 sustinuit,
1529 3142 1704 3202 ideoque
1740 3147 1875 3201 aptior
1906 3144 2087 3198 uidetur
2099 3144 2154 3185 ad
2185 3136 2361 3199 primum
2387 3141 2665 3188 mainerum

277 3205 427 3249 urbam
452 3208 739 3263 recipiendam,
790 3208 903 3251 Infra
929 3210 1029 3251 addi
1055 3209 1167 3253 solet
1191 3237 1219 3262 „
1233 3210 1312 3267 qui
1336 3222 1433 3249 eam
1459 3223 1552 3248 rem
1577 3223 1756 3267 quaet-ec
1779 3213 1852 3253 uel
1879 3203 2171 3267 ᾳιιαεήὶνίε“.
2187 3214 2326 3253 nescio
2353 3225 2406 3252 an
2431 3210 2553 3269 quod
2570 3213 2665 3269 piu·
