2776 3678
286 346 333 397 xl
1095 294 1843 386 PROLE'GOMENA.

286 478 513 513 summae
546 464 782 510 auaritiae
815 461 1033 511 adscribi
1066 464 1245 511 debere
1276 466 1597 527 perspicuum
1630 475 1718 514 est.
1792 464 2002 512 Ciuibus
2041 466 2177 512 enim
2209 466 2449 514 Romanis
2479 467 2659 517 eodem

288 544 393 594 quo
426 541 598 591 postea
630 525 807 586 modo,
849 530 1023 593 siquae
1058 529 1300 592 pecuniae
1340 537 1541 589 ereptae
1582 539 1766 587 essent,
1806 545 1911 576 non
1950 525 2115 576 solum
2146 526 2290 582 ciuili
2320 526 2660 581 serenatione

288 603 341 642 et
372 594 569 656 priuato
602 592 713 638 iure
747 595 829 639 eas
864 603 1087 657 repetere
1111 591 1194 653 ³2)
1236 586 1324 636 sed
1367 591 1518 636 etiam
1561 605 1624 648 ex
1663 590 1776 656 lege
1813 592 1910 638 XII
1949 589 2229 638 tabularum
2264 590 2504 643 iudicem‘
2531 594 2660 644 arbi.

284 667 482 703 trumue
513 654 626 702 iure
669 654 861 715 datum,
913 657 999 720 qui
1039 653 1103 699 ob
1143 667 1250 699 rem
1298 651 1565 700 dicendam
1605 658 1872 720 pecuniam
1911 656 2162 717 accepisse
2209 657 2475 702 conuictus
2516 672 2658 718 esset,

282 720 460 782 capitis
503 733 741 766 accusare
783 717 1088 780 licebat;³³)
1136 718 1288 762 sociis
1323 729 1512 775 autem,
1561 720 1619 765 si·
1646 720 1792 766 Liuio
1815 719 1897 780 ³⁴)
1936 715 2088 764 fidem
2127 714 2313 765 habere
2349 715 2492 779 licet,
2542 734 2659 769 ante

280 780 434 829 finem
468 780 660 830 saeculi
693 785 820 830 sexti
853 797 999 829 nemo
1033 795 1257 845 unquam
1290 780 1345 827 in
1377 777 1482 828 ulla
1513 797 1568 829 re
1602 784 1742 829 oneri
1775 793 1859 828 aut
1890 780 2113 846 sumptui
2143 778 2262 840 fuit,
2297 783 2368 829 ita
2399 794 2481 843 ut,
2520 783 2659 852 quod

278 842 411 895 tradi
451 843 603 906 solet,
625 847 710 911 33)
762 843 1054 912 quibusdam
1094 841 1289 909 legibus
1333 842 1457 892 olim
1495 847 1769 910 prouinciis
1815 854 2136 921 prospectum
2181 847 2659 914 magistratuumque

279 912 506 975 sumptui
547 909 765 978 aliquem
797 907 1006 956 modum
1038 910 1336 973 impositum
1376 907 1556 969 fuisse,
1591 909 1644 957 id
1675 907 1926 973 prioribus
1958 924 2063 957 non
2093 907 2658 974 possimus'adsqribere

276 972 591 1038 temporibus
625 991 774 1039 quam
804 974 876 1020 M.
907 973 1082 1022 Porcii
1122 973 1348 1033 Catonis,
1383 990 1535 1039 quem
1612 985 1770 1023 raeter
1810 969 1930 1020 alias
1975 970 2363 1022 innumerabiles
2401 983 2662 1042 sumptua-

277 1039 376 1086 rias
408 1035 545 1101 leges
584 1054 693 1086 eam
727 1051 933 1104 quoque
964 1037 1199 1085 Porciam
1232 1049 1489 1085 auctorem
1521 1036 1588 1084 ha
1622 1051 1705 1085 ere
1736 1040 1976 1103 suspicor,
2010 1053 2161 1104 quam
2184 1036 2247 1085 de
2278 1048 2482 1104 sumptu
2501 1047 2657 1105 magi-³

276 1114 521 1149 stratuum
562 1103 617 1147 in
654 1103 935 1166 prouinciis
977 1099 1261 1149 coercendo
1301 1100 1624 1166 plebiscitum
1665 1101 1730 1148 de
1767 1102 2082 1150 immunitate
2121 1102 2555 1151 Termessensium
2583 1100 2656 1152 af-

273 1164 384 1213 fert.
405 1165 481 1225 36)
564 1166 693 1212 Cum
733 1176 903 1212 autem
942 1162 1115 1213 Africa
1157 1163 1468 1233 Graeciaque
1509 1163 1745 1211 subacta-²
1759 1163 1976 1230 populus
2007 1165 2258 1212 Romanus
2289 1162 2552 1231 paullatim
2583 1167 2655 1216 ita

273 1240 489 1274 mutatus
522 1241 667 1286 esset,
701 1240 758 1276 ut
778 1226 1024 1293 plerique
1057 1230 1192 1275 ciues
1224 1227 1438 1272 Romani
1470 1226 1666 1275 Italiam
1697 1243 1969 1275 nouercam
2001 1243 2142 1275 suam
2164 1241 2415 1288 uocarent,
2448 1232 2661 1296 antiqua·

268 1289 358 1337 illa
388 1289 646 1354 frugalitas
681 1295 832 1339 cessit
865 1290 1105 1348 luxuriae,
1138 1286 1335 1335 luxuria
1369 1292 1619 1346 auaritiae,
1654 1302 1705 1337 et
1737 1306 1802 1338 ex
1833 1292 2043 1338 auaritia
2075 1291 2277 1339 tandem
2308 1294 2473 1357 erupit
2503 1293 2654 1341 anda-

276 1356 358 1402 cia
391 1365 443 1401 et
476 1357 877 1419 intemperantia,
914 1351 976 1399 ad
1010 1369 1161 1419 quam
1194 1353 1248 1397 in
1280 1353 1562 1416 prouinciis
1593 1351 1927 1401 coercendam
1958 1355 2125 1419 primo
2158 1354 2346 1404 iudicia
2377 1353 2651 1404 extraordi-

266 1419 408 1465 naria
451 1415 636 1465 deinde
676 1417 928 1466 ordinaria
967 1428 1017 1465 et
1057 1426 1298 1482 perpetua
1337 1414 1622 1462 introducta
1668 1426 1799 1464 sunt.
1878 1417 2286 1465 Extraordinaria
2331 1417 2419 1465 illa
2463 1418 2651 1466 iudicia

265 1480 494 1528 nondum
525 1480 753 1544 publica,
801 1479 889 1527 sed
922 1492 1115 1527 tantum
1146 1480 1343 1543 priuata
1373 1477 1546 1537 fuisse,
1596 1495 1771 1526 omnes
1805 1479 2012 1544 quidem
2046 1497 2172 1546 quos
2213 1484 2339 1531 noui
2379 1484 2480 1529 uiri
2511 1481 2651 1532 docti

265 1544 613 1607 consentiunt;
636 1545 722 1605 ³⁷)
756 1555 806 1591 et
839 1560 1126 1610 quanquam
1156 1540 1219 1589 de
1250 1540 1404 1590 modo
1438 1553 1489 1590 et
1521 1543 1716 1590 ratione
1749 1540 1926 1590 harum
1960 1544 2311 1608 quaestionum
2341 1560 2447 1593 non
2478 1547 2650 1594 omnia

262 1609 381 1655 satis
421 1605 674 1672 intelligo,
732 1620 901 1655 tamen
948 1610 1049 1656 nisi
1092 1607 1228 1654 Liuii
1269 1604 1438 1653 uerbis
1478 1609 1586 1653 uim
1628 1605 1796 1655 facere
1834 1605 2095 1666 uolumus,
2120 1608 2207 1671 ³⁸)
2266 1607 2496 1657 dubitare
2543 1624 2649 1659 non

297 1685 491 1730 ossum,
541 1674 667 1738 quin
713 1672 866 1719 etiam
903 1670 1031 1720 haec
1071 1673 1235 1737 prima
1273 1681 1324 1717 et
1365 1669 1758 1718 extraordinaria
1805 1669 2192 1734 repetundarum
2224 1671 2414 1720 iudicia
2445 1669 2649 1738 publica

319 1737 474 1796 erint;
508 1735 776 1783 ordinariis
808 1751 932 1782 uero
966 1735 1169 1782 iudiciis
1201 1735 1558 1806 perpetuisque
1592 1732 1969 1798 quaestionibus
2000 1732 2187 1782 liberae
2219 1737 2293 1783 rei
2324 1753 2375 1801 p.
2408 1738 2647 1800 tempori-

260 1795 353 1844 bus
393 1798 773 1861 magistratuum
812 1794 1078 1844 libidinem
1123 1793 1235 1861 lege
1274 1794 1375 1841 lata
1417 1809 1607 1860 primus
1650 1797 1876 1843 coercuit
1913 1796 1967 1842 L.
2017 1795 2315 1861 Calpurnius
2357 1800 2412 1845 L.
2453 1796 2488 1845 f.
2526 1800 2645 1846 Piso

263 1863 352 1909 Tr.
384 1860 453 1926 pl.
475 1861 711 1909 ‘Manilio
753 1873 805 1909 et
844 1862 1123 1908 Censorino
1158 1874 1283 1906 coss.
1293 1893 1306 1917 ,
1331 1860 1418 1922 ³⁹)
1461 1856 1644 1906 deinde
1675 1860 1746 1906 M.
1777 1859 1949 1906 Iunius
1980 1860 2047 1907 D.
2072 1857 2108 1907 f.
2132 1860 2272 1909 Trib.
2293 1860 2387 1925 pl„
2409 1864 2497 1925 ⁴⁰)
2532 1874 2647 1926 post

459 1990 525 2033 32)
552 1986 629 2023 Cic.
654 1984 768 2021 diuin.
794 1985 900 2040 Qaee.
923 1986 958 2024 5.
989 1986 1079 2025 „De
1111 1997 1185 2038 quo
1206 1983 1293 2032 quid
1305 1994 1381 2037 ‘ego
1400 1983 1511 2061 lGlura
1534 1985 1838 2036 commemorem?
1855 1984 1975 2035 =qnasi
1999 1995 2087 2018 uero
2109 1982 2257 2037 dubium
2278 1985 2356 2039 eit..
2374 1987 2467 2040 ‘quin
2493 1997 2573 2040 tota·
2589 1968 2646 2023 lex

262 2034 307 2069 de
331 2034 491 2088 pecuniis
514 2032 719 2081 repetundis
742 2044 919 2067 sociorum
946 2043 1050 2065 causa
1073 2040 1261 2065 constituta
1284 2039 1341 2063 nt.
1440 2041 1498 2062 am
1530 2028 1665 2062 ciuibus
1690 2040 1771 2063 cum
1795 2039 1879 2078 aunt
1901 2039 2043 2078 ereptae
2064 2041 2254 2078 pecuniae,
2287 2029 2385 2067 ciuili
2409 2031 2483 2070 fere
2506 2042 2645 2070 actione

259 2091 295 2116 et
317 2089 456 2129 priuato
480 2079 557 2114 iure
578 2077 826 2126 repetuntur-⁹*
873 2076 933 2112 Cf.
960 2088 980 2111 e
1003 2075 1062 2112 ad.
1087 2088 1118 2117 c,
1142 2080 1202 2115 20.
1227 2085 1262 2111 et
1285 2075 1324 2110 in
1349 2074 1454 2111 Verr.
1478 2075 1516 2116 1,
1541 2075 1599 2115 14-
1621 2074 1680 2116 11,
1704 2078 1741 2116 6.

459 2157 525 2201 33)
551 2152 645 2190 Gell.
669 2152 755 2193 XX,
780 2156 816 2193 1.

460 2230 526 2276 34)
551 2228 674 2264 Liuiu-
696 2227 819 2268 XLII.
843 2230 880 2267 1.

461 2305 525 2350 35)
552 2301 628 2338 Cic.
654 2302 693 2337 in
715 2301 820 2337 Verr.
843 2300 919 2341 lv,
942 2301 979 2340 5.

463 2383 528 2426 36)
553 2379 670 2413 Versu
691 2379 846 2417 52—56
869 2376 906 2411 in
931 2375 1087 2411 editione
1109 2375 1356 2420 Dirkaeniana
1371 2374 1571 2419 (Verauche
1592 2387 1655 2409 zur
1676 2374 1797 2411 Kritik
1817 2387 1855 2410 u.
1879 2373 1975 2410 Aml.
2000 2373 2037 2409 d.
2093 2374 2215 2413 nellen
2240 2375 2275 2412 d.
2300 2376 2346 2416 R.
2370 2375 2514 2417 Rechts.
2537 2378 2643 2462 [4δὲ-

260 2423 973 2509 ‘¹5¹333·>f.³;·101.⁹tffvffl35ffl
986 2418 2602 2516 ‘2¹25-³3222<÷¹÷322ffi1⁵251295222tssssaffi‘ssffiaafflavw1
2629 2452 2642 2462 -

261 2475 451 2557 ῗῖΑέῙὛΒ.
475 2520 628 2556 NISEI.
656 2519 810 2565 QVOD.
835 2518 938 2554 Eos.
961 2517 1042 2551 EX.
1134 2516 1214 2552 GE.
1238 2516 1442 2556 PORTIA.
1466 2515 1620 2551 DARE.
1642 2512 1923 2573 PRAEBERE.
1948 2515 2196 2553 OPORTET.
2219 2514 2547 2555 ΟΡΟΙῙἸἘΒΙΤ.η

262 2647 319 2682 An
338 2644 347 2653 .
408 2593 743 2687 Ivfflingtriyzius
765 2592 861 2630 Diu.
885 2591 931 2629 de
954 2591 1102 2628 crimine
1125 2590 1410 2642 repetundarum.
1433 2589 1547 2641 Lugd.
1561 2591 1639 2628 Bat.
1665 2592 1770 2633 1748.
1785 2591 1822 2632 4.
1838 2590 1928 2641 cap.
1951 2591 1983 2628 1.
1999 2580 2123 2641 Sigon.
2148 2590 2194 2628 de
2216 2590 2291 2629 iud.
2314 2593 2362 2636 11,
2385 2596 2443 2635 27.
2468 2594 2639 2633 Heimoe,

321 2655 384 2694 τις.
471 2669 483 2684 ,
555 2668 565 2677 .
700 2668 708 2677 .

460 2721 526 2765 38)
550 2718 674 2753 Liuius
699 2716 848 2761 (xL111,
877 2720 928 2758 2.)
951 2726 1137 2764 postquam
1162 2715 1206 2750 de
1228 2714 1361 2751 iudicio
1375 2715 1633 2763 recuperatorio
1649 2714 1827 2755 disseruit,
1849 2713 1905 2750 hi·
1929 2713 2048 2750 uerbi·
2069 2714 2200 2763 pergit:
2223 2716 2494 2755 „oraminis
2517 2721 2640 2753 erimi-

257 2767 370 2802 athas
407 2769 577 2802 aecum
605 2764 734 2804 ambo,
773 2775 836 2799 am
863 2764 1037 2811 liatiqtoe:
1071 2774 1152 2797 cum
1187 2760 1336 2798 dicenda
1367 2761 1413 2799 de
1435 2763 1573 2810 integro
1594 2774 1700 2799 cansa
1722 2770 1833 2803 esset,
1868 2761 2023 2798 excusati
2046 2762 2158 2798 exilu
2183 2773 2301 2799 musa
2327 2764 2453 2800 mlum
2475 2768 2638 2805 uertisse.

259 2814 382 2851 Furius
406 2814 598 2850 Praeneste
620 2810 804 2846 Matienus
865 2810 944 2845 ibur
966 2808 1144 2845 exulatum
1168 2808 1371 2845 abierunss·

451 2890 520 2935 39)
543 2887 653 2921 Anno
674 2887 759 2925 sos.
780 2886 830 2919 v.
854 2884 899 2919 c.
922 2884 1000 2919 cic.
1021 2884 1121 2919 Bm.
1143 2896 1175 2918 ο.
1198 2888 1258 2922 27.
1282 2883 1333 2918 α,
1351 2882 1416 2918 off.
1439 2885 1497 2923 11.
1520 2869 1593 2924 21.
1625 2884 1685 2920 cf.
1709 2885 1816 2919 vm.
1838 2885 1914 2923 111.
1936 2885 1996 2923 84.
2018 2884 2093 2923 1v.
2115 2886 2175 2923 2⁵.

456 2965 521 3012 40)
547 2964 608 2997 De
630 2971 746 2997 aetate
769 2971 805 2996 et
828 2969 1037 3008 argumento
1058 2958 1162 2994 huius
1185 2959 1272 3007 legis
1294 2960 1420 2994 Iuniae
1442 2957 1618 2995 affirmare
1642 2959 1786 3008 quidem
1812 2958 1904 2993 nihil
1926 2958 2051 2997 audeo.
2074 2972 2155 2995 cum
2180 2972 2317 3008 praeter
2338 2960 2497 2996 nostram
2519 2960 2637 3007 legen

261 3009 447 3047 Seruiliam
472 3011 601 3048 frustra
696 3021 774 3045 eras
797 3007 872 3044 eiua
895 3005 1063 3053 ”aigin
1098 3004 1135 3042 id
1158 3019 1243 3043 uero
1266 3019 1341 3043 non
1372 3005 1494 3042 nescio
1522 3005 1705 3055 Sigonium
1739 3006 1776 3042 in
1807 3004 1874 3042 hac
1896 3017 1935 3042 re
1957 3004 2062 3043 ualde
2084 3019 2226 3045 errasse·
2289 3006 2374 3054 Quo
2397 3006 2516 3044 minua
2537 3006 2637 3044 enim

258 3069 343 3094 cum
367 3068 410 3091 eo
431 3056 530 3093 illam
552 3057 607 3095 Μ.
655 3056 742 3091 unio
764 3055 910 3094 Penno,
963 3055 999 3088 ui
1020 3053 1156 3101 Lepido
1180 3064 1215 3088 et
1238 3053 1365 3089 Oreste
1387 3066 1478 3089 σου.
1502 3055 1623 3101 (627)
1649 3053 1833 3090 Tribunus
1863 3052 1973 3101 plebia
1996 3053 2081 3093 fuit,
2116 3053 2374 3093 adscribamus,
2397 3066 2464 3088 nos
2487 3053 2637 3102 impedit

259 3105 411 3141 Declmi
431 3114 658 3151 praenomen,
682 3100 780 3151 quod
851 3101 896 3138 tri
964 3099 1037 3136 arei
1059 3113 1100 3136 ro
1144 3100 1229 3136 toria
1252 3098 1460 3136 adscribitur
1490 3099 1529 3135 in
1553 3113 1596 3138 eo
1618 3111 1759 3138 nostrae
1779 3097 1866 3148 legis
1889 3098 1989 3140 loeo.
2021 3112 2128 3150 quem
2152 3099 2318 3148 Sigonius
2339 3098 2637 3140 nonduinrnoue-

258 3160 316 3188 rat
341 3149 441 3197 (βίη.
466 3149 633 3184 LXXIII.
653 3149 745 3201 Cap.
769 3114 908 3183 ffill.
932 3156 1010 3182 not.
1033 3150 1069 3186 3.
1092 3111 1142 3185 ἴ
1152 3145 1210 3181 Cr.
1234 3148 1315 3185 Lin,
1332 3146 1468 3181 XXIII.
1493 3146 1580 3195 Cap.
1603 3148 1709 3183 vm.
1734 3156 1809 3181 not.
1843 3147 1938 3193 15.);
1962 3146 2078 3182 Penni
2100 3157 2219 3182 autem
2242 3157 2377 3195 patrem
2401 3146 2504 3181 illum
2526 3148 2636 3191 Μαξ-

259 3212 346 3237 cam
374 3198 505 3238 fuine,
539 3197 602 3246 qni
631 3210 714 3233 cum
743 3198 792 3245 Q.
820 3194 923 3233 Aelio
945 3191 1086 3232 Consul
1108 3191 1179 3230 fuit
1200 3207 1243 3231 ex
1266 3192 1440 3230 Cicerone
1462 3206 1611 3233 constat.
1641 3194 1740 3233 Brut.
1769 3195 1829 3237 82·
1860 3191 1906 3231 de
1938 3190 2013 3232 ΟΠ.
2048 3192 2125 3234 111.
2149 3195 2207 3236 11·
2264 3191 2321 3242 Ad
2348 3191 2438 3230 haee
2466 3205 2557 3244 quae
2586 3192 2635 3231 de

258 3257 376 3297 poena
400 3244 515 3286 exilii,
540 3255 611 3293 qua
634 3255 677 3279 ex
699 3244 775 3292 lege
797 3245 902 3280 Iunia
924 3241 1085 3279 damnati
1116 3239 1234 3278 affecti
1264 3241 1413 3282 inerint,
1437 3241 1600 3290 ὃίςφὶιιρ
1622 3252 1846 3279 commentus
1868 3252 1937 3282 eat,
1961 3241 2055 3277 infra
2077 3239 2236 3291 pluribua
2259 3236 2407 3275 refutata
2428 3251 2524 3277 aunt.
2572 3240 2634 3276 Cf.

258 3306 335 3377 fssp'
359 3293 432 3332 '⁰'
456 3296 608 3376 ¹3:533}-
641 3288 1055 3386 55¹3?ssssssssssssss
1074 3287 2089 3384 12⁸5}AE”iiimissssifflffssssisseissfismaffiffipffiiffl
2119 3298 2158 3370 ἕξ
2176 3285 2634 3384 semc⁸¹²1⁰1ffifmqissmffl

257 3354 269 3378 ι
337 3352 457 3378 comm
597 3352 629 3378 ι,
2370 3358 2385 3379 n

2570 2474 2708 2516 Fa,

2758 662 2776 1335 1

2769 1376 2776 1442 3

2767 2006 2776 2028 Q.
2761 1763 2776 1993 *uA-:ssssuffl'zffl2
2770 1732 2776 1737 a
2764 1713 2776 1723 «ὲ
