2776 3678
922 247 1668 349 rnoLEcoMENA.
2402 313 2466 351 ,x

0 438 2 462 ¹
28 425 36 443 '¹
93 429 281 489 menda
319 427 490 478 omnia
522 428 819 478 'enumerare
858 436 963 477 n'on
1003 427 1267 477 uidebatur
1306 428 1490 495 operae
1540 422 1759 494 pretium
1806 440 1941 493 esse3
1988 426 2303 496 singulorum
2323 447 2326 448 ⁷
2343 447 2463 481 uero

91 497 397 553 uerborum,
429 506 573 558 *quae
603 491 852 539 interdum
884 495 1068 539 rectius
1101 493 1349 557 descripta
1380 491 1694 547 uiderentur,
1741 493 2032 538 uarietatem
2063 509 2156 539 suo
2189 491 2306 540 loco
2340 496 2468 541 indi-

101 554 340 612 cauimus.
412 558 648 605 Ceterum
695 558 865 605 onmia
896 552 1192 620 fragmenta,
1243 572 1372 623 quae
1401 551 1662 603 Bluhmius
1701 549 1920 618 Neapoli
1959 567 2009 603 et
2059 557 2165 621 ipse
2209 572 2304 623 ego
2346 559 2469 610 Vin-

99 622 329 674 dobonae
368 618 694 680 contulimus,
726 615 888 668 ¹nobis
936 618 1254 684 persuadent,
1310 631 1468 667 totam
1512 616 1736 666 tabulam
1787 618 1955 683 primo
1995 618 2058 666 ad
2107 620 2265 668 solam
2303 621 2469 690 legem

98 682 367 738 Seruiliam
405 682 745 748 recipiendam
775 681 960 730 factam
999 692 1315 749 aptatamque
1356 682 1531 741 fuisse,
1583 682 1831 730 Thoriam
1870 696 1993 730 uero
2034 695 2208 748 postea
2227 686 2467 749 demum,

97 750 222 801 licet
250 763 357 797 non
387 746 537 812 longa
567 761 708 794 mora
737 746 1056 810 interposita,
1088 746 1144 791 in
1176 760 1346 792 auersa
1377 756 1517 810 parte
1549 760 1656 793 esse
1688 745 2019 811 adscriptam3
2052 762 2080 791 a
2119 741 2282 796 fronte
2315 754 2467 813 enim,

100 827 230 881 quae
261 811 299 858 l.
343 826 424 859 em
453 809 721 858 Seruiliam
752 807 869 866 fert,
920 806 1165 871 laeuigata
1196 806 1465 874 politaque,
1499 825 1529 854 a
1558 820 1697 873 tergo
1729 821 1901 856 autem
1940 809 2115 858 scabra
2150 811 2250 869 est,
2295 813 2467 880 quales

99 881 209 927 esse
248 891 304 924 so
325 887 431 935 ent,
550 888 609 922 ae
648 873 704 921 in
741 886 844 919 una
873 881 1067 919 tantum
1108 871 1249 937 parte
1280 871 1594 936 conscriptae
1624 883 1751 921 sunt.
1830 872 2034 922 Deinde
2065 871 2086 921 l
2152 873 2190 921 ‘s
2224 873 2467 927 Seruiliae

99 940 344 1008 scriptura
374 949 449 989 est
479 891 700 1003 ffissgnns,
744 932 904 982 nitida
934 945 985 982 et
1016 933 1205 1001 ubique
1237 931 1531 1001 aequabilis:
1573 947 1746 983 contra
1776 936 1860 985 lex
1891 935 2085 986 Thoria
2154 939 2468 990 iuersissimis

98 1006 233 1058 inter
263 1019 320 1053 se.
347 1004 548 1061 litteriS,
586 1001 740 1049 modo
782 997 1048 1062 grandibus
1092 997 1245 1047 modo
1287 1000 1511 1056 minutis,
1555 998 1777 1047 uersibus
1810 1001 2079 1049 maximam
2110 1013 2309 1066 partem
2340 1002 2468 1054 obli-

101 1071 214 1137 quis
245 1080 297 1118 et
329 1062 697 1133 inaequalibus,
745 1062 964 1130 denique
995 1061 1309 1111 festinantius
1340 1063 1525 1128 scripta
1557 1074 1645 1110 est.
1694 1064 1768 1111 Ita
1801 1066 1854 1112 in
1884 1077 2096 1133 utraque
2128 1063 2241 1132 lege
2271 1066 2470 1119 litterae

99 1132 372 1183 nonnullae
402 1129 559 1195 figura
590 1130 755 1177 minus
784 1125 979 1193 uulgari
993 1116 1252 1175 ³formatae
1283 1138 1398 1174 sunt
1412 1143 1427 1172 :¹
1477 1138 1534 1174 ut
1566 1129 1702 1173 enim
1733 1130 1787 1174 in
1811 1128 1920 1193 lege
1936 1128 2127 1178 Thoria
2153 1128 2466 1183 festinationi

100 1196 361 1262 scalpturis
394 1193 583 1250 tribuo,
617 1193 754 1256 quod
788 1196 875 1254 Η
910 1190 1162 1239 interdum
1193 1208 1286 1254 pro
1322 1192 1384 1251 Q,
1427 1190 1456 1237 Α
1494 1190 1578 1238 uel
1610 1197 1650 1240 Λ
1682 1209 1775 1257 pro
1806 1193 1853 1240 A
1884 1192 2139 1252 scribitur,
2173 1197 2244 1244 ita
2276 1198 2331 1245 in
2365 1198 2467 1248 ele-

101 1260 316 1325 gantiori
347 1253 562 1308 Seruilia
591 1256 774 1304 maiori
812 1254 1102 1321 diligentiae
1144 1252 1405 1321 scalptoris
1448 1252 1768 1303 tribuendum
1808 1267 1956 1323 put0,
1996 1257 2134 1323 quod
2175 1263 2467 1324 praesertim

100 1328 155 1373 in
187 1324 406 1373 numeris
442 1323 504 1383 ᾙ
540 1318 899 1386 scribitur·pro
929 1320 1001 1378 D,
1035 1310 1079 1374 de
1107 1334 1201 1384 pro
1232 1320 1299 1365 1„

360 1388 509 1433 Nunc
540 1382 604 1430 ad
635 1385 924 1431 uniuersum
956 1382 1133 1429 harum
1164 1381 1332 1447 legum
1364 1394 1709 1446 argumentum
1740 1395 2045 1430 transeamus
2060 1417 2073 1441 ,
2108 1383 2245 1449 quod
2278 1387 2332 1432 in
2365 1403 2471 1450 gra-

101 1452 328 1499 uissimas
360 1448 702 1506 dissidiorum,
751 1445 1135 1505 discordiarum,
1183 1445 1487 1493 seditionum
1523 1460 1587 1493 ue
1619 1444 1936 1510 publicarum
1968 1461 2139 1504 causas
2172 1460 2223 1495 et
2254 1452 2471 1500 rationes

101 1513 337 1564 incidisse
369 1529 398 1562 e
429 1512 644 1575 uestigio
674 1509 919 1560 uidemus.
990 1510 1181 1573 Rornae
1214 1510 1371 1569 enim,
1405 1520 1463 1556 ut
1489 1461 1600 1558 {ere
1632 1508 1709 1568 fit,
1752 1521 2020 1576 postquam
2059 1527 2192 1559 noua
2224 1512 2363 1574 odia,
2409 1532 2472 1565 ex

100 1579 308 1625 auaritia
339 1587 390 1625 et
422 1575 618 1622 luxuria
649 1586 847 1632 exorta,
895 1573 984 1620 diu
1015 1573 1215 1620 occulte
1247 1574 1546 1638 serpserant,
1588 1572 1791 1621 tandem
1823 1576 1927 1636 igni
1960 1589 2064 1620 non
2097 1576 2309 1640 amplius
2343 1578 2473 1626 clam

101 1641 354 1707 gliscente,
387 1639 586 1687 flamma
615 1638 787 1703 'aperta
818 1635 1011 1702 singula
1032 1635 1267 1685 ordinum
1297 1637 1406 1684 iura
1437 1638 1660 1701 arripuit,
1694 1652 1854 1705 eaque
1891 1638 2073 1701 partim
2105 1642 2330 1701 mutauit,
2362 1660 2474 1709 par-

101 1709 193 1753 tim
225 1701 445 1762 sustulit,
495 1714 552 1749 ut
583 1699 879 1749 labefactata
911 1699 1084 1749 multis
1115 1697 1442 1759 seditionibus
1480 1702 1716 1750 uniuersa
1756 1700 1958 1749 tandem
1998 1718 2076 1751 res
2118 1703 2321 1768 publica
2355 1723 2475 1758 con-

100 1769 387 1817 uersionem
419 1767 609 1815 euitare
640 1781 746 1812 non
776 1764 982 1812 ualeret.
1062 1765 1133 1812 Vt
1164 1778 1287 1813 uero
1331 1763 1394 1811 ad
1427 1778 1485 1811 ea
1523 1766 1656 1824 iura,
1707 1767 1763 1813 in
1796 1763 1976 1832 quibus
2010 1764 2247 1815 tollendis
2280 1782 2475 1820 mutan-

101 1832 242 1880 disue
274 1846 366 1897 per
397 1832 667 1897 septimum
697 1828 835 1877 urbis
869 1828 1125 1877 saeculum
1165 1827 1435 1877 discrimen
1474 1830 1696 1894 positum
1737 1828 1855 1889 fuit,
1905 1845 2025 1895 prae
2066 1833 2246 1879 ceteris
2286 1834 2474 1885 iudicia

101 1895 306 1961 publica
338 1908 390 1943 et
420 1910 528 1941 rem
561 1895 800 1955 agrariam
832 1883 1086 1957 pertffiere
1119 1903 1327 1950 constat,
1361 1894 1432 1939 ita
1464 1895 1597 1939 inter
1628 1909 1711 1942 eas
1743 1893 1891 1959 legeS,
1927 1910 2056 1960 quae
2087 1897 2473 1959 repetundarum

101 1956 289 2006 iudicia
322 1958 688 2006 constituerunt
720 1966 973 2001 mutarunt
1005 1952 1291 2009 firmarunt,
1324 1952 1604 2013 Seruiliam,
1638 1958 1772 2004 inter
1802 1972 1898 2015 eas,
1934 1972 2061 2022 quae
2093 1972 2201 2005 rem
2232 1965 2472 2023 agrariam

101 2019 421 2083 designarunt
475 2027 750 2065 statuerunt
783 2014 1214 2074 determinarunt,
1278 2014 1522 2073 Thoriam
1576 2021 1745 2081 praeci
1785 2035 1851 2064 uo
1899 2018 2017 2066 loco
2079 2023 2298 2084 positam
2363 2040 2472 2075 esse

101 2099 251 2132 nemo
283 2085 456 2131 nescit.
537 2082 618 2128 De
659 2095 713 2127 re
746 2080 934 2143 agraria
1003 2076 1193 2125 Iuribus
1227 2078 1466 2126 disserere
1498 2095 1601 2126 non
1635 2093 1710 2127 est
1740 2034 1888 2129 lliuius
1922 2080 2051 2140 loci,
2085 2082 2174 2130 sed
2206 2082 2332 2135 haec
2363 2106 2471 2137 om-

103 2149 187 2195 nia
220 2145 282 2194 ad
305 2144 358 2193 id
391 2157 600 2209 ternpuS,
632 2158 732 2208 quo
756 2143 906 2189 etiam
928 2142 974 2188 T
1013 2142 1148 2190 oriae
1169 2140 1293 2206 legis
1316 2143 1681 2191 restitutionem
1705 2143 1898 2209 publici
1923 2147 2043 2193 iuris
2071 2145 2290 2196 faciendi
2312 2153 2473 2202 otium

102 2208 319 2267 dabitur,
353 2204 628 2255 differenda
660 2216 805 2263 ratuS,
839 2220 976 2252 nunc
1008 2206 1062 2251 in
1094 2206 1166 2252 eis
1191 2202 1381 2251 iuribus
1407 2219 1469 2250 ex
1506 2203 1717 2253 licandis
1745 2206 2011 2255 subsistere
2043 2210 2261 2271 decreui,
2286 2215 2340 2261 in
2364 2220 2474 2282 qui-

102 2274 194 2324 bus
236 2269 597 2321 constituendis
639 2265 991 2317 confirmandis
1065 2283 1093 2316 e
1134 2270 1264 2316 inter
1304 2265 1425 2315 alias
1488 2283 1551 2315 ex
1583 2268 1798 2318 Seruilia
1840 2283 2087 2332 uersatur,
2136 2285 2193 2321 ut
2233 2282 2473 2342 expositis

104 2340 198 2396 eis,
246 2351 376 2402 quae
417 2334 480 2383 de
519 2334 747 2399 pecuniis
789 2343 997 2397 repetun
1037 2334 1074 2379 's
1115 2330 1281 2397 deque
1320 2329 1629 2380 iudiciorum
1666 2332 1988 2399 publicorum
2026 2334 2188 2385 forma
2225 2343 2472 2403 nouimus,

103 2398 299 2449 facilius
330 2399 680 2464 perspiciatur,
715 2398 921 2461 quinam
951 2406 1150 2443 nostrae
1180 2394 1281 2459 legi
1312 2393 1468 2452 locus,
1503 2398 1624 2444 siue·
1644 2396 1708 2444 ad
1740 2410 1936 2463 tempus
2006 2415 2072 2447 uo
2106 2400 2205 2448 lata
2237 2415 2332 2465 est,
2368 2409 2475 2455 siue

105 2463 168 2511 ad
200 2478 258 2510 ea
304 2477 433 2529 quae
483 2462 591 2526 ipsa
623 2460 885 2508 constituit
917 2458 1164 2523 respicere
1197 2456 1366 2516 uelis„
1398 2475 1427 2505 a
1460 2457 1606 2507 nobis
1656 2459 1902 2509 uindicari
1956 2415 2150 2513 dlebeat.
2230 2467 2360 2516 Cum
2391 2486 2473 2518 au-

104 2540 208 2576 tem
240 2541 300 2573 ea
332 2524 635 2573 iudiciorum
668 2520 849 2582 forma,
884 2537 1011 2589 quae
1043 2524 1206 2587 primo
1239 2537 1345 2569 non
1375 2524 1475 2569 nisi
1508 2522 1572 2570 ad
1602 2527 1843 2589 pecunias
1876 2527 2174 2592 repetundas
2207 2534 2471 2580 constituta

103 2590 231 2647 erat,
267 2604 387 2636 mox
418 2587 680 2656 plerasque
713 2584 937 2652 publicas
972 2601 1139 2633 causas
1172 2586 1242 2631 ita
1273 2588 1498 2644 mutarit,
1548 2599 1605 2635 ut
1642 2583 1750 2636 fere
1782 2604 1979 2649 omneS,
2011 2596 2271 2641 senatoriis
2305 2607 2355 2644 et
2382 2612 2473 2662 po·

105 2652 360 2722 pularibus
392 2650 594 2701 iudiciis
627 2653 831 2700 remotis
879 2649 961 2698 uel
995 2649 1169 2705 saltem
1202 2651 1464 2709 restrictis,
1515 2667 1688 2699 coram
1729 2651 1980 2703 iudicibus
2021 2671 2085 2703 ex
2125 2655 2238 2706 albo
2275 2658 2471 2709 selectis

106 2732 158 2769 et
189 2716 252 2765 ad
284 2713 499 2781 singulas
531 2732 610 2764 res
642 2716 815 2763 iuratis
848 2725 1217 2779 peragerentur,
1267 2711 1354 2760 lex
1383 2712 1599 2763 Seruilia
1645 2717 1798 2765 etiam
1837 2715 1913 2766 in'
1937 2735 2051 2768 eam
2082 2725 2471 2771 controuersiam

106 2778 307 2838 incidit,
357 2794 507 2845 quam
545 2795 574 2824 a
606 2780 914 2843 Semproniis
957 2775 1145 2841 legibus
1175 2791 1349 2843 rusque
1393 2777 1456 2825 ad
1494 2777 1647 2828 Iulias
1694 2779 1758 2828 de
1796 2781 1949 2829 modo
1982 2794 2034 2830 et
2065 2786 2254 2831 ratione
2286 2790 2471 2834 consti-

105 2844 280 2895 tuendi
300 2841 434 2892 illius
459 2839 562 2890 albi
584 2843 810 2890 iudicum
833 2839 985 2889 modo
1002 2842 1191 2889 maiore
1212 2839 1366 2889 modo
1387 2844 1582 2891 minore
1606 2860 1725 2893 cum
1741 2844 1907 2893 studio
1928 2846 1989 2894 ab
2011 2849 2230 2912 utrisque
2245 2848 2472 2913 partibus

107 2908 376 2965 defensam,
397 2903 539 2953 nullo
561 2919 730 2952 autem
753 2917 854 2953 tem
893 2922 979 2953 ore
1003 2903 1148 2968 plane
1170 2921 1286 2952 com
1325 2907 1504 2953 ositam
1525 2919 1578 2953 et
1602 2907 1846 2956 sublatam
1869 2910 2108 2966 uidemus,
2133 2908 2353 2977 ideoque
2366 2931 2473 2963 non

106 2969 258 3021 modo
277 2968 340 3020 de
357 2966 741 3035 repetundarum
764 2967 864 3034 legi
900 2984 969 3026 us,
989 2966 1074 3015 sed
1092 2969 1244 3015 etiam
1304 2982 1331 3016 e
1349 2968 1604 3018 iudicariis
1627 2970 1927 3020 articulatim
1944 2973 2036 3019 erit
2052 2969 2127 3017 dis
2166 2973 2424 3024 utandum.

369 3033 426 3080 Si
455 3035 673 3099 primum
705 3030 767 3076 ad
800 3035 991 3078 crimen
1022 3031 1411 3093 repetundarum
1441 3037 1674 3081 conuersi
1777 3037 1999 3090 aerimuS,
2033 3037 2122 3098 qui
2155 3051 2335 3095 usnam
2367 3057 2473 3089 mo-

108 3095 184 3147 dis
215 3099 431 3148 Romani
456 3092 717 3161 prioribus
755 3091 943 3143 liberae
975 3094 1047 3143 rei
1080 3090 1315 3158 publicae
1355 3095 1565 3145 saeculis
1604 3051 1834 3146 libiffies
1876 3094 2277 3166 cupiditatesque
2320 3106 2472 3170 magi..

108 3171 349 3211 stratuum
381 3160 719 3219 coercuerint,
753 3172 912 3225 pauca
944 3168 994 3206 et
1025 3155 1131 3205 fere
1162 3157 1303 3207 nulla
1332 3161 1616 3208 inuenimus
1649 3163 1753 3207 eius
1784 3159 2082 3226 prudentiae
2113 3166 2339 3231 uestigia,
2373 3183 2473 3237 qua

108 3224 458 3289 legumlatores
499 3227 710 3290 septimo
751 3222 885 3268 urbis
925 3221 1125 3269 saeculo
1159 3225 1214 3269 in
1253 3240 1353 3270 una
1384 3239 1583 3288 quaque
1613 3224 1721 3286 lege
1754 3224 2143 3288 repetundarum
2166 3233 2362 3279 curiose
2393 3238 2479 3284 usi

108 3300 245 3346 sunt,
276 3305 432 3354 quam
454 3306 571 3337 rem
601 3306 707 3337 non
737 3301 838 3336 tam
864 3286 1095 3351 priorum
1128 3300 1413 3351 temporum
1436 3284 1588 3335 alicui
1611 3284 1944 3353 negligentiae
1965 3307 2116 3357 quam
2137 3296 2471 3374 Pssff’tffl'im'um
